@comment{x-kbibtex-personnameformatting=<%l><, %f>}

@misc{AM08,
	author = "Andreja\v{s}i, Matej",
	institution = "Faculty for mathematics and physics",
	location = "Department of physics",
	month = mar,
	school = "University of Ljubljana",
	title = "{MEMS ACCELEROMETERS}",
	year = "2008"
}

@techreport{Wood07,
	address = "15 JJ Thomson Avenue",
	author = "Woodman, Oliver J.",
	institution = "University of Cambride",
	issn = "1476-2986",
	month = aug,
	school = "Computer Laboratory",
	title = "{An introduction to inertial navigation }",
	year = "2007"
}

@book{GS04,
	author = "Siouris, George M.",
	isbn = "0-387-00726-1",
	publisher = "Springer-Verlag New York, Inc.",
	title = "{Missile Guidance and Control Systems}",
	year = "2004"
}

@article{King98,
	author = "King, A.D.",
	journal = "GEC Review",
	number = "3",
	title = "{Inertial Navigation - Forty Years of Evolution}",
	volume = "13",
	year = "1998"
}

@techreport{Voldman07,
	author = "Voldman, Joel",
	institution = "Massachusetts Institute of Technology",
	month = "Spring",
	series = "{Design and Fabrication of Microelectromechanical Devices}",
	title = "{A Capacitive Accelerometer }",
	year = "2007"
}

@article{Perlmutter93,
	author = "Perimutter, Michael S.",
	institution = "Northrop Corporation",
	journal = "Fiber Optic and Laser Sensors Xl",
	number = "192",
	title = "{A Tactical Fiber Optic Gyro With All-Digital Signal Processing }",
	volume = "2070",
	year = "1993"
}

@article{Ribeiro2004,
	author = "Ribeiro, Maria Isabell",
	title = "{Kalman and Extended Kalman Filters: Concept, Derivation and Properties}",
	year = "2004"
}

@article{DeSchutter99,
	author = "Schutter, Joris De and Geeter, Jan De and Lefebvre, Tine and Bruyninckx, Herman",
	title = "{Kalman Filters: A Tutorial}",
	year = "1999"
}

@article{Winkler04,
	author = "Winkler, Patrick",
	title = "{Der diskrete Kalman Filter}",
	year = "2004"
}

@article{Welch01,
	author = "Welch, Greg and Bishop, Gary",
	title = "{An Introduction to the Kalman Filter}",
	year = "2001"
}

@article{Doug07,
	author = "Nychka, Doug",
	title = "{A Kalman Filter tutorial}",
	year = "2007"
}

@article{Stoytchev07,
	author = "Stoytchev, Alexander",
	title = "{The Kalman Filter}",
	year = "2007"
}

@article{Walchko02,
	author = "Walchko, Kevin J. and Maso, Dr. Paul A. C.",
	title = "{Inertial Navigation}",
	year = "2002"
}

@article{Fletcher10,
	author = "Fletcher, Tristan",
	title = "{The Kalman Filter Explained}",
	year = "2010"
}

@article{ wiki-kal,
author = "Wikipedia",
title = "{Kalman filter - Wikipedia the free encyclopedia}",
year = "2012",
howpublished = "\url{http://en.wikipedia.org/wiki/Kalman_filter}",
note = "[Online; accessed 26-March-2012]"
} 
@article{ wiki-kal2,
author = "Wikipedia",
title = "{Kalman-Filter --- Wikipedia die freie Enzyklopädie}",
year = "2012",
howpublished = "\url{http://de.wikipedia.org/wiki/Kalman-Filter}",
note = "[Online; accessed 26-March-2012]"
} 
@article{ wiki-tr,
author = "Wikipedia",
title = "{Plagiat --- Wikipedia die freie Enzyklopädie}",
year = "2012",
howpublished = "\url{http://de.wikipedia.org/wiki/Tr%C3%A4gheitsnavigationssystem}",
note = "[Online; accessed 26-March-2012]"
} 
@article{ wiki-inert,
author = "Wikipedia",
title = "{Inertial navigation system --- Wikipedia the free encyclopedia}",
year = "2012",
howpublished = "\url{http://en.wikipedia.org/wiki/Inertial_navigation_system}",
note = "[Online; accessed 26-March-2012]"
} 
@article{ Czerniak12,
author = "Greg Czerniak",
title = "Kalman Filters for Undergrads Part I: Linear Kalman Filters",
year = "2012",
howpublished = "\url{http://greg.czerniak.info/node/5}",
note = "[Online; accessed 26-March-2012]"
} 

@article{ Muk12,
author = "Prof.S. Mukhopadhyay",
title = "Lec-18 Kalman Filter-Model and Derivation ",
year = "2012",
howpublished = "\url{http://www.youtube.com/watch?v=17qEwiqY9Xc}",
note = "[Online; accessed 26-March-2012]"
} 

@article{ TS12,
author = "TheScienceguy3000",
title = "Tutorial: Kalman Filter with MATLAB example part1 ",
year = "2012",
howpublished = "\url{http://www.youtube.com/watch?v=FkCT_LV9Syk}",
note = "[Online; accessed 26-March-2012]"
} 

@article{ Esme12,
author = "Bilgin Esme",
title = "Kalman Filter For Dummies",
year = "2009",
howpublished = "\url{http://bilgin.esme.org/BitsBytes/KalmanFilterforDummies.aspx}",
note = "[Online; accessed 26-March-2012]"
} 

@article{ U12,
author = "Unkown",
title = "Das diskrete Kalmanfilter",
year = "2012",
howpublished = "\url{http://www.mi.hs-rm.de/~schwan/Projects/CG/P4/Dokumentation/node16.html}",
note = "[Online; accessed 26-March-2012]"
} 

@article{ Simon12,
author = "Dan Simon",
title = "Kalman Filtering",
year = "2001",
howpublished = "\url{http://academic.csuohio.edu/simond/courses/eec644/kalman.pdf}",
note = "[Online; accessed 26-March-2012]"
} 